<record><leader>00000cas a22000007a 4500</leader><controlfield tag="001">12240766</controlfield><controlfield tag="008">850708d18741889paumr ne      0    0eng d</controlfield><datafield ind1=" " ind2=" " tag="010"><subfield code="a">sn 85054984 </subfield></datafield><datafield ind1=" " ind2=" " tag="040"><subfield code="a">NPH</subfield><subfield code="b">eng</subfield><subfield code="c">NPH</subfield><subfield code="d">NPX</subfield><subfield code="d">NPH</subfield><subfield code="d">OCLCQ</subfield></datafield><datafield ind1=" " ind2=" " tag="042"><subfield code="a">msc</subfield></datafield><datafield ind1="0" ind2="4" tag="245"><subfield code="a">The Emerald vindicator.</subfield></datafield><datafield ind1=" " ind2=" " tag="260"><subfield code="a">Pottsville, Pa. :</subfield><subfield code="b">John Boland,</subfield><subfield code="c">-1889.</subfield></datafield><datafield ind1=" " ind2=" " tag="300"><subfield code="a">v. :</subfield><subfield code="b">ill. ;</subfield><subfield code="c">47 cm.</subfield></datafield><datafield ind1=" " ind2=" " tag="310"><subfield code="a">Monthly,</subfield><subfield code="b">&lt;Sept. 1888&gt;-1889</subfield></datafield><datafield ind1=" " ind2=" " tag="321"><subfield code="a">Monthly,</subfield><subfield code="b">1874-&lt;June 1876&gt;</subfield></datafield><datafield ind1=" " ind2=" " tag="321"><subfield code="a">Semimonthly,</subfield><subfield code="b">&lt;1882-July 1, 1888&gt;</subfield></datafield><datafield ind1="0" ind2=" " tag="362"><subfield code="a">-v. 17, no. 11 (June, 1889) = -whole no. 135.</subfield></datafield><datafield ind1="1" ind2=" " tag="362"><subfield code="a">Began in Apr. 1874.</subfield><subfield code="z">Cf. Hist. of Schuylkill Co., Pa., 1881.</subfield></datafield><datafield ind1=" " ind2=" " tag="500"><subfield code="a">Published at Pottsville, Pa., 1874-&lt;1882&gt;; at Pittsburgh, Pa., &lt;1884-1888&gt;; simultaneously at Pittsburgh, Pa. and Tipton, Ind., &lt;Mar.-July&gt; 1888; at Pittsburgh, Pa. and Norfolk, Va., Sept. 1888-1889.</subfield></datafield><datafield ind1=" " ind2=" " tag="550"><subfield code="a">Official organ of the Emerald Beneficial Assn. of North America.</subfield></datafield><datafield ind1=" " ind2=" " tag="588"><subfield code="a">Description based on: Vol. 2, no. 13 (Apr. 1875).</subfield></datafield><datafield ind1="2" ind2=" " tag="710"><subfield code="a">Emerald Beneficial Association of North America.</subfield></datafield><datafield ind1=" " ind2=" " tag="752"><subfield code="a">United States</subfield><subfield code="b">Pennsylvania</subfield><subfield code="c">Allegheny</subfield><subfield code="d">Pittsburgh.</subfield></datafield><datafield ind1=" " ind2=" " tag="752"><subfield code="a">United States</subfield><subfield code="b">Pennsylvania</subfield><subfield code="c">Schuylkill</subfield><subfield code="d">Pottsville.</subfield></datafield><datafield ind1=" " ind2=" " tag="752"><subfield code="a">United States</subfield><subfield code="b">Indiana</subfield><subfield code="c">Tipton</subfield><subfield code="d">Tipton.</subfield></datafield><datafield ind1=" " ind2=" " tag="752"><subfield code="a">United States</subfield><subfield code="b">Virginia</subfield><subfield code="d">Norfolk.</subfield></datafield></record>